@article{JEC,
 author = {Ameesh Makadia, Vladimir Pavlovic, Sanjiv Kumar},
 title = {A new baseline for image annotation},
 journal = {Commun. ACM},
 issue_date = {2008},
 volume = {4},
 number = {7},
 month = jul,
 year = {1961},
 issn = {0001-0782},
 pages = {321},
 url = {http://doi.acm.org/10.1145/366622.366644},
 doi = {10.1145/366622.366644},
 acmid = {366644},
 publisher = {ACM},
 address = {New York, NY, USA},
}

@article{JEC2,
 author = {Ameesh Makadia, Vladimir Pavlovic, Sanjiv Kumar},
 title = {Baselines for Image Anotation},
}

@article{Gabor,
 author = {Holk Cruse},
 title = {Neural Networks as Cybernetic Systems},
 journal = {Commun. ACM},
 issue_date = {2008},
 volume = {4},
 number = {7},
 month = jul,
 year = {1961},
 issn = {0001-0782},
 pages = {321},
 url = {http://doi.acm.org/10.1145/366622.366644},
 doi = {10.1145/366622.366644},
 acmid = {366644},
 publisher = {ACM},
 address = {New York, NY, USA},
}

@online{Gabor_wordpress,
 author = {Krishna Murthy},
 key = {Gabor Filtres, Tutorials},
 title = {GABOR FILTERS : A PRACTICAL OVERVIEW},
 year = {2014},
 cited = {2017/05/12},
 note = {wordpress},
 url = {https://cvtuts.wordpress.com/2014/04/27/gabor-filters-a-practical-overview/}
}

%nic nesedi krome adresy
@online{HaarWiky,
 author = {},
 key = {Java SE Documentation - Graphics},
 title = {Haar wavelet},
 publisher = {Oracle},
 year = {2016},
 cited = {2016/03/09},
 note = {Java {SE} Documentation},
 url = {https://en.wikipedia.org/wiki/Haar_wavelet}
}





@online{Scikit,
 author = {},
 key = {Java SE Documentation - Graphics},
 title = {Class Graphics2D},
 publisher = {Oracle},
 year = {2016},
 cited = {2016/03/09},
 note = {Java {SE} Documentation},
 url = {http://scikit-image.org/}
}

@online{Pyimagesearch,
 author = {Adrian Rosebrock},
 key = {Image Descriptors, Machine Learning, Tutorials},
 title = {Local Binary Patterns with Python \& OpenCV},
 year = {2015},
 cited = {2017/05/12},
 note = {pyimagesearch},
 url = {http://www.pyimagesearch.com/2015/12/07/local-binary-patterns-with-python-opencv/}
}


@mastersthesis{SrovnaniDeskriptoru,
 author = {Vojtěch Košař},
 title = {Srovnání deskriptorů pro reprezentaci obrazu},
 school = {Západočeská univerzita v Plzni},
 year = {2015},
 pages = {80},
 url = {https://dspace5.zcu.cz/bitstream/11025/17883/1/A13N0110P.pdf},
 address = {Plzeň},
}

@mastersthesis{DiplomovaBrno,
 author = {Bc. JIRÍ HUTÁREK},
 title = {Klasifikace objektu v obraze podle textury},
 school = {Vysoké učení technické v Brně},
 year = {2010},
 pages = {92},
 url = {https://www.vutbr.cz/www_base/zav_prace_soubor_verejne.php?file_id=117319},
 address = {Brno},
}



@article{Result_A_A,
 author = {V. Lavrenko, R.Manmatha, J. Jeon},
 title = {A model for learning the semantics of pictures},
 journal = {Commun. ACM},
 issue_date = {July 1961},
 volume = {4},
 number = {7},
 month = jul,
 year = {1961},
 issn = {0001-0782},
 pages = {321},
 url = {http://doi.acm.org/10.1145/366622.366644},
 doi = {10.1145/366622.366644},
 acmid = {366644},
 publisher = {ACM},
 address = {New York, NY, USA},
}


