@online{Pyimagesearch,
 author = {Adrian Rosebrock},
 key = {Image Descriptors, Machine Learning, Tutorials},
 title = {Local Binary Patterns with Python \& OpenCV},
 year = {2015},
 cited = {2017/05/12},
 note = {pyimagesearch},
 url = {http://www.pyimagesearch.com/2015/12/07/local-binary-patterns-with-python-opencv/}
}


@mastersthesis{SrovnaniDeskriptoru,
 author = {Vojtěch Košař},
 title = {Srovnání deskriptorů pro reprezentaci obrazu},
 school = {Západočeská univerzita v Plzni},
 year = {2015},
 pages = {80},
 url = {https://dspace5.zcu.cz/bitstream/11025/17883/1/A13N0110P.pdf},
 address = {Plzeň},
}

@mastersthesis{DiplomovaBrno,
 author = {Bc. JIRÍ HUTÁREK},
 title = {Klasifikace objektu v obraze podle textury},
 school = {Vysoké učení technické v Brně},
 year = {2010},
 pages = {92},
 url = {https://www.vutbr.cz/www_base/zav_prace_soubor_verejne.php?file_id=117319},
 address = {Brno},
}

@article{JEC,
 author = {Ameesh Makadia, Vladimir Pavlovic, Sanjiv Kumar},
 title = {A new baseline for image annotation},
 journal = {A computer Vision },
 year = {2008},
 issn = {0001-0782},
 url = {https://link.springer.com/chapter/10.1007/978-3-540-88690-7_24},
}